<?xml version="1.0" encoding="UTF-8"?><collection xmlns="http://www.loc.gov/MARC21/slim"><record><leader>00544nam--2200181-i-4500</leader><controlfield tag="001">000028877</controlfield><controlfield tag="002">20161230</controlfield><controlfield tag="005">20161230201037</controlfield><controlfield tag="008">060222s1000------------r-----000-0-eng-d</controlfield><datafield ind1=" " ind2=" " tag="040"><subfield code="a">IFIN-HH</subfield></datafield><datafield ind1=" " ind2=" " tag="080"><subfield code="a">533.9.082.7</subfield></datafield><datafield ind1="1" ind2=" " tag="100"><subfield code="a">Gunther, Klaus</subfield></datafield><datafield ind1="1" ind2="0" tag="245"><subfield code="a">Electric properties of weakly nonideal plasmas</subfield><subfield code="c">Klaus gunther, rainer radkke</subfield></datafield><datafield ind1=" " ind2=" " tag="260"><subfield code="a">Berlin</subfield><subfield code="b">Akademie Verlag,</subfield><subfield code="c">1984</subfield></datafield><datafield ind1=" " ind2=" " tag="490"><subfield code="a">Ergebnisse Der Plasmaphysik Und Der Geselektronik</subfield><subfield code="v">Band 7</subfield></datafield><datafield ind1="1" ind2=" " tag="700"><subfield code="a">Radkke, Rainer</subfield></datafield><datafield ind1=" " ind2=" " tag="852"><subfield code="a">73321</subfield><subfield code="c">533.7</subfield></datafield><datafield ind1=" " ind2=" " tag="CAT"><subfield code="a">Sys</subfield><subfield code="c">20101001</subfield><subfield code="h">161701</subfield></datafield></record></collection>